%YAML 1.1
%TAG !u! tag:unity3d.com,2011:
--- !u!1 &451138597340177958
GameObject:
  m_ObjectHideFlags: 0
  m_CorrespondingSourceObject: {fileID: 0}
  m_PrefabInstance: {fileID: 0}
  m_PrefabAsset: {fileID: 0}
  serializedVersion: 6
  m_Component:
  - component: {fileID: 5149876565443155894}
  m_Layer: 0
  m_Name: Index2
  m_TagString: Untagged
  m_Icon: {fileID: 0}
  m_NavMeshLayer: 0
  m_StaticEditorFlags: 0
  m_IsActive: 1
--- !u!4 &5149876565443155894
Transform:
  m_ObjectHideFlags: 0
  m_CorrespondingSourceObject: {fileID: 0}
  m_PrefabInstance: {fileID: 0}
  m_PrefabAsset: {fileID: 0}
  m_GameObject: {fileID: 451138597340177958}
  m_LocalRotation: {x: 5.1411894e-34, y: -0.044700492, z: -5.2045253e-36, w: 0.99900043}
  m_LocalPosition: {x: 0.061421882, y: -0.0047724, z: -0.00066826463}
  m_LocalScale: {x: 1, y: 1, z: 1}
  m_Children:
  - {fileID: 8528203258439889213}
  m_Father: {fileID: 7996714902214465429}
  m_RootOrder: 0
  m_LocalEulerAnglesHint: {x: 0, y: 0, z: 0}
--- !u!1 &1051197236547476935
GameObject:
  m_ObjectHideFlags: 0
  m_CorrespondingSourceObject: {fileID: 0}
  m_PrefabInstance: {fileID: 0}
  m_PrefabAsset: {fileID: 0}
  serializedVersion: 6
  m_Component:
  - component: {fileID: 8423298407341371574}
  m_Layer: 0
  m_Name: Pinkie3
  m_TagString: Untagged
  m_Icon: {fileID: 0}
  m_NavMeshLayer: 0
  m_StaticEditorFlags: 0
  m_IsActive: 1
--- !u!4 &8423298407341371574
Transform:
  m_ObjectHideFlags: 0
  m_CorrespondingSourceObject: {fileID: 0}
  m_PrefabInstance: {fileID: 0}
  m_PrefabAsset: {fileID: 0}
  m_GameObject: {fileID: 1051197236547476935}
  m_LocalRotation: {x: -9.093064e-34, y: 0.014741022, z: 5.7300174e-33, w: 0.99989134}
  m_LocalPosition: {x: 0.025236461, y: 0.0075761, z: -0.00078917464}
  m_LocalScale: {x: 1, y: 1, z: 1}
  m_Children:
  - {fileID: 5008458229959683556}
  m_Father: {fileID: 3805127237698890195}
  m_RootOrder: 0
  m_LocalEulerAnglesHint: {x: 0, y: 0, z: 0}
--- !u!1 &1221049608185059449
GameObject:
  m_ObjectHideFlags: 0
  m_CorrespondingSourceObject: {fileID: 0}
  m_PrefabInstance: {fileID: 0}
  m_PrefabAsset: {fileID: 0}
  serializedVersion: 6
  m_Component:
  - component: {fileID: 7241670850435601864}
  m_Layer: 0
  m_Name: Mid2
  m_TagString: Untagged
  m_Icon: {fileID: 0}
  m_NavMeshLayer: 0
  m_StaticEditorFlags: 0
  m_IsActive: 1
--- !u!4 &7241670850435601864
Transform:
  m_ObjectHideFlags: 0
  m_CorrespondingSourceObject: {fileID: 0}
  m_PrefabInstance: {fileID: 0}
  m_PrefabAsset: {fileID: 0}
  m_GameObject: {fileID: 1221049608185059449}
  m_LocalRotation: {x: -0, y: 0, z: -0, w: 1}
  m_LocalPosition: {x: 0.0661486, y: -0.0047724, z: -0.00074299995}
  m_LocalScale: {x: 1, y: 1, z: 1}
  m_Children:
  - {fileID: 7075218090022553768}
  m_Father: {fileID: 304381404816778139}
  m_RootOrder: 0
  m_LocalEulerAnglesHint: {x: 0, y: 0, z: 0}
--- !u!1 &1324515587381223216
GameObject:
  m_ObjectHideFlags: 0
  m_CorrespondingSourceObject: {fileID: 0}
  m_PrefabInstance: {fileID: 0}
  m_PrefabAsset: {fileID: 0}
  serializedVersion: 6
  m_Component:
  - component: {fileID: 1813348954115605898}
  - component: {fileID: 2207034543584469603}
  m_Layer: 0
  m_Name: HandRCircular
  m_TagString: Untagged
  m_Icon: {fileID: 0}
  m_NavMeshLayer: 0
  m_StaticEditorFlags: 0
  m_IsActive: 1
--- !u!4 &1813348954115605898
Transform:
  m_ObjectHideFlags: 0
  m_CorrespondingSourceObject: {fileID: 0}
  m_PrefabInstance: {fileID: 0}
  m_PrefabAsset: {fileID: 0}
  m_GameObject: {fileID: 1324515587381223216}
  m_LocalRotation: {x: -0, y: 0.9712175, z: 0.23819447, w: 0}
  m_LocalPosition: {x: -0.57000417, y: -13.083, z: -0.9640014}
  m_LocalScale: {x: 10, y: 10, z: 10}
  m_Children:
  - {fileID: 5334566675534232558}
  - {fileID: 8838331485736578610}
  m_Father: {fileID: 0}
  m_RootOrder: 0
  m_LocalEulerAnglesHint: {x: -27.56, y: 180, z: 0}
--- !u!95 &2207034543584469603
Animator:
  serializedVersion: 3
  m_ObjectHideFlags: 0
  m_CorrespondingSourceObject: {fileID: 0}
  m_PrefabInstance: {fileID: 0}
  m_PrefabAsset: {fileID: 0}
  m_GameObject: {fileID: 1324515587381223216}
  m_Enabled: 1
  m_Avatar: {fileID: 0}
  m_Controller: {fileID: 9100000, guid: 8efbc9381e60b28468b03e723336c162, type: 2}
  m_CullingMode: 0
  m_UpdateMode: 0
  m_ApplyRootMotion: 0
  m_LinearVelocityBlending: 0
  m_WarningMessage: 
  m_HasTransformHierarchy: 1
  m_AllowConstantClipSamplingOptimization: 1
  m_KeepAnimatorControllerStateOnDisable: 0
--- !u!1 &1324941119811106874
GameObject:
  m_ObjectHideFlags: 0
  m_CorrespondingSourceObject: {fileID: 0}
  m_PrefabInstance: {fileID: 0}
  m_PrefabAsset: {fileID: 0}
  serializedVersion: 6
  m_Component:
  - component: {fileID: 3805127237698890195}
  m_Layer: 0
  m_Name: Pinkie2
  m_TagString: Untagged
  m_Icon: {fileID: 0}
  m_NavMeshLayer: 0
  m_StaticEditorFlags: 0
  m_IsActive: 1
--- !u!4 &3805127237698890195
Transform:
  m_ObjectHideFlags: 0
  m_CorrespondingSourceObject: {fileID: 0}
  m_PrefabInstance: {fileID: 0}
  m_PrefabAsset: {fileID: 0}
  m_GameObject: {fileID: 1324941119811106874}
  m_LocalRotation: {x: 1.4556606e-34, y: -0.06578625, z: 8.710814e-33, w: 0.9978337}
  m_LocalPosition: {x: 0.05594435, y: 0.0034204, z: 0.0011150776}
  m_LocalScale: {x: 1, y: 1, z: 1}
  m_Children:
  - {fileID: 8423298407341371574}
  m_Father: {fileID: 8529964748924385854}
  m_RootOrder: 0
  m_LocalEulerAnglesHint: {x: 0, y: 0, z: 0}
--- !u!1 &1696071843358682834
GameObject:
  m_ObjectHideFlags: 0
  m_CorrespondingSourceObject: {fileID: 0}
  m_PrefabInstance: {fileID: 0}
  m_PrefabAsset: {fileID: 0}
  serializedVersion: 6
  m_Component:
  - component: {fileID: 6479067451406933928}
  m_Layer: 0
  m_Name: Ring2
  m_TagString: Untagged
  m_Icon: {fileID: 0}
  m_NavMeshLayer: 0
  m_StaticEditorFlags: 0
  m_IsActive: 1
--- !u!4 &6479067451406933928
Transform:
  m_ObjectHideFlags: 0
  m_CorrespondingSourceObject: {fileID: 0}
  m_PrefabInstance: {fileID: 0}
  m_PrefabAsset: {fileID: 0}
  m_GameObject: {fileID: 1696071843358682834}
  m_LocalRotation: {x: -3.4471613e-34, y: -0.062405378, z: -1.0263481e-33, w: 0.99805087}
  m_LocalPosition: {x: 0.06569765, y: -0.0047724, z: 0.00022541767}
  m_LocalScale: {x: 1, y: 1, z: 1}
  m_Children:
  - {fileID: 3757672386491011319}
  m_Father: {fileID: 3339460647643300416}
  m_RootOrder: 0
  m_LocalEulerAnglesHint: {x: 0, y: 0, z: 0}
--- !u!1 &1788438021885556198
GameObject:
  m_ObjectHideFlags: 0
  m_CorrespondingSourceObject: {fileID: 0}
  m_PrefabInstance: {fileID: 0}
  m_PrefabAsset: {fileID: 0}
  serializedVersion: 6
  m_Component:
  - component: {fileID: 8585786556097085833}
  m_Layer: 0
  m_Name: Index4
  m_TagString: Untagged
  m_Icon: {fileID: 0}
  m_NavMeshLayer: 0
  m_StaticEditorFlags: 0
  m_IsActive: 1
--- !u!4 &8585786556097085833
Transform:
  m_ObjectHideFlags: 0
  m_CorrespondingSourceObject: {fileID: 0}
  m_PrefabInstance: {fileID: 0}
  m_PrefabAsset: {fileID: 0}
  m_GameObject: {fileID: 1788438021885556198}
  m_LocalRotation: {x: 7.7328725e-35, y: 0.46971822, z: -4.774591e-34, w: 0.88281643}
  m_LocalPosition: {x: 0.05374248, y: 0.0025850001, z: -0.001733002}
  m_LocalScale: {x: 1, y: 1, z: 1}
  m_Children: []
  m_Father: {fileID: 8528203258439889213}
  m_RootOrder: 0
  m_LocalEulerAnglesHint: {x: 0, y: 0, z: 0}
--- !u!1 &2071550795942941042
GameObject:
  m_ObjectHideFlags: 0
  m_CorrespondingSourceObject: {fileID: 0}
  m_PrefabInstance: {fileID: 0}
  m_PrefabAsset: {fileID: 0}
  serializedVersion: 6
  m_Component:
  - component: {fileID: 3339460647643300416}
  m_Layer: 0
  m_Name: Ring1
  m_TagString: Untagged
  m_Icon: {fileID: 0}
  m_NavMeshLayer: 0
  m_StaticEditorFlags: 0
  m_IsActive: 1
--- !u!4 &3339460647643300416
Transform:
  m_ObjectHideFlags: 0
  m_CorrespondingSourceObject: {fileID: 0}
  m_PrefabInstance: {fileID: 0}
  m_PrefabAsset: {fileID: 0}
  m_GameObject: {fileID: 2071550795942941042}
  m_LocalRotation: {x: 5.1443115e-33, y: -0.47449088, z: 4.465366e-33, w: 0.8802604}
  m_LocalPosition: {x: 0.015968433, y: 8.881784e-18, z: 0.036311243}
  m_LocalScale: {x: 1, y: 1, z: 1}
  m_Children:
  - {fileID: 6479067451406933928}
  m_Father: {fileID: 8838331485736578610}
  m_RootOrder: 3
  m_LocalEulerAnglesHint: {x: 0, y: 0, z: 0}
--- !u!1 &2169556843561450951
GameObject:
  m_ObjectHideFlags: 0
  m_CorrespondingSourceObject: {fileID: 0}
  m_PrefabInstance: {fileID: 0}
  m_PrefabAsset: {fileID: 0}
  serializedVersion: 6
  m_Component:
  - component: {fileID: 6164743070194149369}
  m_Layer: 0
  m_Name: Thumb2
  m_TagString: Untagged
  m_Icon: {fileID: 0}
  m_NavMeshLayer: 0
  m_StaticEditorFlags: 0
  m_IsActive: 1
--- !u!4 &6164743070194149369
Transform:
  m_ObjectHideFlags: 0
  m_CorrespondingSourceObject: {fileID: 0}
  m_PrefabInstance: {fileID: 0}
  m_PrefabAsset: {fileID: 0}
  m_GameObject: {fileID: 2169556843561450951}
  m_LocalRotation: {x: 7.854944e-33, y: -0.12593684, z: -6.5554e-33, w: 0.9920383}
  m_LocalPosition: {x: 0.03465282, y: 0.0070474, z: 0.004186066}
  m_LocalScale: {x: 1, y: 1, z: 1}
  m_Children:
  - {fileID: 3275252957049785491}
  m_Father: {fileID: 258630103748203613}
  m_RootOrder: 0
  m_LocalEulerAnglesHint: {x: 0, y: 0, z: 0}
--- !u!1 &2653065274144267849
GameObject:
  m_ObjectHideFlags: 0
  m_CorrespondingSourceObject: {fileID: 0}
  m_PrefabInstance: {fileID: 0}
  m_PrefabAsset: {fileID: 0}
  serializedVersion: 6
  m_Component:
  - component: {fileID: 5088489044543516272}
  m_Layer: 0
  m_Name: Ring4
  m_TagString: Untagged
  m_Icon: {fileID: 0}
  m_NavMeshLayer: 0
  m_StaticEditorFlags: 0
  m_IsActive: 1
--- !u!4 &5088489044543516272
Transform:
  m_ObjectHideFlags: 0
  m_CorrespondingSourceObject: {fileID: 0}
  m_PrefabInstance: {fileID: 0}
  m_PrefabAsset: {fileID: 0}
  m_GameObject: {fileID: 2653065274144267849}
  m_LocalRotation: {x: 7.142203e-33, y: 0.46957216, z: -1.3952156e-32, w: 0.88289416}
  m_LocalPosition: {x: 0.04979471, y: 0.0025850001, z: 0.0010825574}
  m_LocalScale: {x: 1, y: 1, z: 1}
  m_Children: []
  m_Father: {fileID: 3757672386491011319}
  m_RootOrder: 0
  m_LocalEulerAnglesHint: {x: 0, y: 0, z: 0}
--- !u!1 &3233884397867725026
GameObject:
  m_ObjectHideFlags: 0
  m_CorrespondingSourceObject: {fileID: 0}
  m_PrefabInstance: {fileID: 0}
  m_PrefabAsset: {fileID: 0}
  serializedVersion: 6
  m_Component:
  - component: {fileID: 8861252766221821538}
  m_Layer: 0
  m_Name: Mid4
  m_TagString: Untagged
  m_Icon: {fileID: 0}
  m_NavMeshLayer: 0
  m_StaticEditorFlags: 0
  m_IsActive: 1
--- !u!4 &8861252766221821538
Transform:
  m_ObjectHideFlags: 0
  m_CorrespondingSourceObject: {fileID: 0}
  m_PrefabInstance: {fileID: 0}
  m_PrefabAsset: {fileID: 0}
  m_GameObject: {fileID: 3233884397867725026}
  m_LocalRotation: {x: 9.2734786e-33, y: 0.4339668, z: -1.925204e-32, w: 0.9009289}
  m_LocalPosition: {x: 0.0535139, y: 0.0025850001, z: 0.0017349999}
  m_LocalScale: {x: 1, y: 1, z: 1}
  m_Children: []
  m_Father: {fileID: 7075218090022553768}
  m_RootOrder: 0
  m_LocalEulerAnglesHint: {x: 0, y: 0, z: 0}
--- !u!1 &4054893130461262057
GameObject:
  m_ObjectHideFlags: 0
  m_CorrespondingSourceObject: {fileID: 0}
  m_PrefabInstance: {fileID: 0}
  m_PrefabAsset: {fileID: 0}
  serializedVersion: 6
  m_Component:
  - component: {fileID: 7075218090022553768}
  m_Layer: 0
  m_Name: Mid3
  m_TagString: Untagged
  m_Icon: {fileID: 0}
  m_NavMeshLayer: 0
  m_StaticEditorFlags: 0
  m_IsActive: 1
--- !u!4 &7075218090022553768
Transform:
  m_ObjectHideFlags: 0
  m_CorrespondingSourceObject: {fileID: 0}
  m_PrefabInstance: {fileID: 0}
  m_PrefabAsset: {fileID: 0}
  m_GameObject: {fileID: 4054893130461262057}
  m_LocalRotation: {x: -0, y: 0, z: -0, w: 1}
  m_LocalPosition: {x: 0.0364189, y: 0, z: 0.001238}
  m_LocalScale: {x: 1, y: 1, z: 1}
  m_Children:
  - {fileID: 8861252766221821538}
  m_Father: {fileID: 7241670850435601864}
  m_RootOrder: 0
  m_LocalEulerAnglesHint: {x: 0, y: 0, z: 0}
--- !u!1 &4360808700117177564
GameObject:
  m_ObjectHideFlags: 0
  m_CorrespondingSourceObject: {fileID: 0}
  m_PrefabInstance: {fileID: 0}
  m_PrefabAsset: {fileID: 0}
  serializedVersion: 6
  m_Component:
  - component: {fileID: 304381404816778139}
  m_Layer: 0
  m_Name: Mid1
  m_TagString: Untagged
  m_Icon: {fileID: 0}
  m_NavMeshLayer: 0
  m_StaticEditorFlags: 0
  m_IsActive: 1
--- !u!4 &304381404816778139
Transform:
  m_ObjectHideFlags: 0
  m_CorrespondingSourceObject: {fileID: 0}
  m_PrefabInstance: {fileID: 0}
  m_PrefabAsset: {fileID: 0}
  m_GameObject: {fileID: 4360808700117177564}
  m_LocalRotation: {x: 6.2911716e-33, y: -0.4339668, z: 7.5082696e-33, w: 0.9009289}
  m_LocalPosition: {x: 0.026738178, y: 8.881784e-18, z: 0.028359579}
  m_LocalScale: {x: 1, y: 1, z: 1}
  m_Children:
  - {fileID: 7241670850435601864}
  m_Father: {fileID: 8838331485736578610}
  m_RootOrder: 1
  m_LocalEulerAnglesHint: {x: 0, y: 0, z: 0}
--- !u!1 &4736316942553808548
GameObject:
  m_ObjectHideFlags: 0
  m_CorrespondingSourceObject: {fileID: 0}
  m_PrefabInstance: {fileID: 0}
  m_PrefabAsset: {fileID: 0}
  serializedVersion: 6
  m_Component:
  - component: {fileID: 8528203258439889213}
  m_Layer: 0
  m_Name: Index3
  m_TagString: Untagged
  m_Icon: {fileID: 0}
  m_NavMeshLayer: 0
  m_StaticEditorFlags: 0
  m_IsActive: 1
--- !u!4 &8528203258439889213
Transform:
  m_ObjectHideFlags: 0
  m_CorrespondingSourceObject: {fileID: 0}
  m_PrefabInstance: {fileID: 0}
  m_PrefabAsset: {fileID: 0}
  m_GameObject: {fileID: 4736316942553808548}
  m_LocalRotation: {x: 2.6608208e-34, y: -0.06433033, z: 3.9026918e-34, w: 0.9979287}
  m_LocalPosition: {x: 0.035455193, y: 8.881784e-18, z: 0.0010354521}
  m_LocalScale: {x: 1, y: 1, z: 1}
  m_Children:
  - {fileID: 8585786556097085833}
  m_Father: {fileID: 5149876565443155894}
  m_RootOrder: 0
  m_LocalEulerAnglesHint: {x: 0, y: 0, z: 0}
--- !u!1 &5170869084262253004
GameObject:
  m_ObjectHideFlags: 0
  m_CorrespondingSourceObject: {fileID: 0}
  m_PrefabInstance: {fileID: 0}
  m_PrefabAsset: {fileID: 0}
  serializedVersion: 6
  m_Component:
  - component: {fileID: 8838331485736578610}
  m_Layer: 0
  m_Name: Root1
  m_TagString: Untagged
  m_Icon: {fileID: 0}
  m_NavMeshLayer: 0
  m_StaticEditorFlags: 0
  m_IsActive: 1
--- !u!4 &8838331485736578610
Transform:
  m_ObjectHideFlags: 0
  m_CorrespondingSourceObject: {fileID: 0}
  m_PrefabInstance: {fileID: 0}
  m_PrefabAsset: {fileID: 0}
  m_GameObject: {fileID: 5170869084262253004}
  m_LocalRotation: {x: 0.901614, y: 0.066591375, z: -0.3332571, w: -0.26757723}
  m_LocalPosition: {x: -0.00049628114, y: 0.85699797, z: 0.37043783}
  m_LocalScale: {x: 1, y: 1, z: 1}
  m_Children:
  - {fileID: 7996714902214465429}
  - {fileID: 304381404816778139}
  - {fileID: 8529964748924385854}
  - {fileID: 3339460647643300416}
  - {fileID: 258630103748203613}
  m_Father: {fileID: 1813348954115605898}
  m_RootOrder: 1
  m_LocalEulerAnglesHint: {x: -37.70177, y: -128.22046, z: 148.47209}
--- !u!1 &6042485597351461188
GameObject:
  m_ObjectHideFlags: 0
  m_CorrespondingSourceObject: {fileID: 0}
  m_PrefabInstance: {fileID: 0}
  m_PrefabAsset: {fileID: 0}
  serializedVersion: 6
  m_Component:
  - component: {fileID: 5334566675534232558}
  m_Layer: 0
  m_Name: Hands
  m_TagString: Untagged
  m_Icon: {fileID: 0}
  m_NavMeshLayer: 0
  m_StaticEditorFlags: 0
  m_IsActive: 1
--- !u!4 &5334566675534232558
Transform:
  m_ObjectHideFlags: 0
  m_CorrespondingSourceObject: {fileID: 0}
  m_PrefabInstance: {fileID: 0}
  m_PrefabAsset: {fileID: 0}
  m_GameObject: {fileID: 6042485597351461188}
  m_LocalRotation: {x: 0, y: -0, z: -0, w: 1}
  m_LocalPosition: {x: -0, y: 0.85175717, z: 0.07126157}
  m_LocalScale: {x: 1, y: 1, z: 1}
  m_Children:
  - {fileID: 2836773709812580179}
  m_Father: {fileID: 1813348954115605898}
  m_RootOrder: 0
  m_LocalEulerAnglesHint: {x: 0, y: 0, z: 0}
--- !u!1 &6138007835896536486
GameObject:
  m_ObjectHideFlags: 0
  m_CorrespondingSourceObject: {fileID: 0}
  m_PrefabInstance: {fileID: 0}
  m_PrefabAsset: {fileID: 0}
  serializedVersion: 6
  m_Component:
  - component: {fileID: 258630103748203613}
  m_Layer: 0
  m_Name: Thumb1
  m_TagString: Untagged
  m_Icon: {fileID: 0}
  m_NavMeshLayer: 0
  m_StaticEditorFlags: 0
  m_IsActive: 1
--- !u!4 &258630103748203613
Transform:
  m_ObjectHideFlags: 0
  m_CorrespondingSourceObject: {fileID: 0}
  m_PrefabInstance: {fileID: 0}
  m_PrefabAsset: {fileID: 0}
  m_GameObject: {fileID: 6138007835896536486}
  m_LocalRotation: {x: 2.4686562e-33, y: 0.012008999, z: -4.906313e-33, w: 0.9999279}
  m_LocalPosition: {x: 0.03636637, y: 0.0050362996, z: 0.0023462959}
  m_LocalScale: {x: 1, y: 1, z: 1}
  m_Children:
  - {fileID: 6164743070194149369}
  m_Father: {fileID: 8838331485736578610}
  m_RootOrder: 4
  m_LocalEulerAnglesHint: {x: 0, y: 0, z: 0}
--- !u!1 &6380310388728304340
GameObject:
  m_ObjectHideFlags: 0
  m_CorrespondingSourceObject: {fileID: 0}
  m_PrefabInstance: {fileID: 0}
  m_PrefabAsset: {fileID: 0}
  serializedVersion: 6
  m_Component:
  - component: {fileID: 2836773709812580179}
  - component: {fileID: 1715348271122832825}
  m_Layer: 0
  m_Name: Right
  m_TagString: Untagged
  m_Icon: {fileID: 0}
  m_NavMeshLayer: 0
  m_StaticEditorFlags: 0
  m_IsActive: 1
--- !u!4 &2836773709812580179
Transform:
  m_ObjectHideFlags: 0
  m_CorrespondingSourceObject: {fileID: 0}
  m_PrefabInstance: {fileID: 0}
  m_PrefabAsset: {fileID: 0}
  m_GameObject: {fileID: 6380310388728304340}
  m_LocalRotation: {x: 0, y: -0, z: -0, w: 1}
  m_LocalPosition: {x: 0.020042794, y: -2.1963823, z: -0.07126157}
  m_LocalScale: {x: 1, y: 1, z: 1}
  m_Children: []
  m_Father: {fileID: 5334566675534232558}
  m_RootOrder: 0
  m_LocalEulerAnglesHint: {x: 0, y: 0, z: 0}
--- !u!137 &1715348271122832825
SkinnedMeshRenderer:
  m_ObjectHideFlags: 0
  m_CorrespondingSourceObject: {fileID: 0}
  m_PrefabInstance: {fileID: 0}
  m_PrefabAsset: {fileID: 0}
  m_GameObject: {fileID: 6380310388728304340}
  m_Enabled: 1
  m_CastShadows: 1
  m_ReceiveShadows: 1
  m_DynamicOccludee: 1
  m_MotionVectors: 1
  m_LightProbeUsage: 1
  m_ReflectionProbeUsage: 1
  m_RayTracingMode: 3
  m_RayTraceProcedural: 0
  m_RenderingLayerMask: 1
  m_RendererPriority: 0
  m_Materials:
  - {fileID: -7550316459946155034, guid: 045e2081ecc9aeb48b1406a9fcb9aeee, type: 3}
  m_StaticBatchInfo:
    firstSubMesh: 0
    subMeshCount: 0
  m_StaticBatchRoot: {fileID: 0}
  m_ProbeAnchor: {fileID: 0}
  m_LightProbeVolumeOverride: {fileID: 0}
  m_ScaleInLightmap: 1
  m_ReceiveGI: 1
  m_PreserveUVs: 0
  m_IgnoreNormalsForChartDetection: 0
  m_ImportantGI: 0
  m_StitchLightmapSeams: 1
  m_SelectedEditorRenderState: 3
  m_MinimumChartSize: 4
  m_AutoUVMaxDistance: 0.5
  m_AutoUVMaxAngle: 89
  m_LightmapParameters: {fileID: 0}
  m_SortingLayerID: 0
  m_SortingLayer: 0
  m_SortingOrder: 0
  serializedVersion: 2
  m_Quality: 0
  m_UpdateWhenOffscreen: 0
  m_SkinnedMotionVectors: 1
  m_Mesh: {fileID: 826980398051131412, guid: 045e2081ecc9aeb48b1406a9fcb9aeee, type: 3}
  m_Bones:
  - {fileID: 8838331485736578610}
  - {fileID: 258630103748203613}
  - {fileID: 6164743070194149369}
  - {fileID: 3275252957049785491}
  - {fileID: 1401024847637671919}
  - {fileID: 7996714902214465429}
  - {fileID: 5149876565443155894}
  - {fileID: 8528203258439889213}
  - {fileID: 8585786556097085833}
  - {fileID: 304381404816778139}
  - {fileID: 7241670850435601864}
  - {fileID: 7075218090022553768}
  - {fileID: 8861252766221821538}
  - {fileID: 3339460647643300416}
  - {fileID: 6479067451406933928}
  - {fileID: 3757672386491011319}
  - {fileID: 5088489044543516272}
  - {fileID: 8529964748924385854}
  - {fileID: 3805127237698890195}
  - {fileID: 8423298407341371574}
  - {fileID: 5008458229959683556}
  m_BlendShapeWeights: []
  m_RootBone: {fileID: 8838331485736578610}
  m_AABB:
    m_Center: {x: 0.06957588, y: 0.0062342854, z: 0.06509946}
    m_Extent: {x: 0.10054015, y: 0.027485978, z: 0.10430355}
  m_DirtyAABB: 0
--- !u!1 &6724539196123136594
GameObject:
  m_ObjectHideFlags: 0
  m_CorrespondingSourceObject: {fileID: 0}
  m_PrefabInstance: {fileID: 0}
  m_PrefabAsset: {fileID: 0}
  serializedVersion: 6
  m_Component:
  - component: {fileID: 3757672386491011319}
  m_Layer: 0
  m_Name: Ring3
  m_TagString: Untagged
  m_Icon: {fileID: 0}
  m_NavMeshLayer: 0
  m_StaticEditorFlags: 0
  m_IsActive: 1
--- !u!4 &3757672386491011319
Transform:
  m_ObjectHideFlags: 0
  m_CorrespondingSourceObject: {fileID: 0}
  m_PrefabInstance: {fileID: 0}
  m_PrefabAsset: {fileID: 0}
  m_GameObject: {fileID: 6724539196123136594}
  m_LocalRotation: {x: -3.9908373e-34, y: 0.06797298, z: -3.8532723e-33, w: 0.99768716}
  m_LocalPosition: {x: 0.031101786, y: -8.881784e-18, z: -0.0015911835}
  m_LocalScale: {x: 1, y: 1, z: 1}
  m_Children:
  - {fileID: 5088489044543516272}
  m_Father: {fileID: 6479067451406933928}
  m_RootOrder: 0
  m_LocalEulerAnglesHint: {x: 0, y: 0, z: 0}
--- !u!1 &6813552555821977401
GameObject:
  m_ObjectHideFlags: 0
  m_CorrespondingSourceObject: {fileID: 0}
  m_PrefabInstance: {fileID: 0}
  m_PrefabAsset: {fileID: 0}
  serializedVersion: 6
  m_Component:
  - component: {fileID: 3275252957049785491}
  m_Layer: 0
  m_Name: Thumb3
  m_TagString: Untagged
  m_Icon: {fileID: 0}
  m_NavMeshLayer: 0
  m_StaticEditorFlags: 0
  m_IsActive: 1
--- !u!4 &3275252957049785491
Transform:
  m_ObjectHideFlags: 0
  m_CorrespondingSourceObject: {fileID: 0}
  m_PrefabInstance: {fileID: 0}
  m_PrefabAsset: {fileID: 0}
  m_GameObject: {fileID: 6813552555821977401}
  m_LocalRotation: {x: 1.9644211e-33, y: 0.13318159, z: -2.6397634e-34, w: 0.99109167}
  m_LocalPosition: {x: 0.032691468, y: 0.007928, z: -0.0041268426}
  m_LocalScale: {x: 1, y: 1, z: 1}
  m_Children:
  - {fileID: 1401024847637671919}
  m_Father: {fileID: 6164743070194149369}
  m_RootOrder: 0
  m_LocalEulerAnglesHint: {x: 0, y: 0, z: 0}
--- !u!1 &7125799302486417965
GameObject:
  m_ObjectHideFlags: 0
  m_CorrespondingSourceObject: {fileID: 0}
  m_PrefabInstance: {fileID: 0}
  m_PrefabAsset: {fileID: 0}
  serializedVersion: 6
  m_Component:
  - component: {fileID: 7996714902214465429}
  m_Layer: 0
  m_Name: Index1
  m_TagString: Untagged
  m_Icon: {fileID: 0}
  m_NavMeshLayer: 0
  m_StaticEditorFlags: 0
  m_IsActive: 1
--- !u!4 &7996714902214465429
Transform:
  m_ObjectHideFlags: 0
  m_CorrespondingSourceObject: {fileID: 0}
  m_PrefabInstance: {fileID: 0}
  m_PrefabAsset: {fileID: 0}
  m_GameObject: {fileID: 7125799302486417965}
  m_LocalRotation: {x: 3.676801e-33, y: -0.35706595, z: 2.87024e-33, w: 0.9340792}
  m_LocalPosition: {x: 0.0368929, y: 4.440892e-18, z: 0.018046595}
  m_LocalScale: {x: 1, y: 1, z: 1}
  m_Children:
  - {fileID: 5149876565443155894}
  m_Father: {fileID: 8838331485736578610}
  m_RootOrder: 0
  m_LocalEulerAnglesHint: {x: 0, y: 0, z: 0}
--- !u!1 &7363347002199941660
GameObject:
  m_ObjectHideFlags: 0
  m_CorrespondingSourceObject: {fileID: 0}
  m_PrefabInstance: {fileID: 0}
  m_PrefabAsset: {fileID: 0}
  serializedVersion: 6
  m_Component:
  - component: {fileID: 1401024847637671919}
  m_Layer: 0
  m_Name: Thumb4
  m_TagString: Untagged
  m_Icon: {fileID: 0}
  m_NavMeshLayer: 0
  m_StaticEditorFlags: 0
  m_IsActive: 1
--- !u!4 &1401024847637671919
Transform:
  m_ObjectHideFlags: 0
  m_CorrespondingSourceObject: {fileID: 0}
  m_PrefabInstance: {fileID: 0}
  m_PrefabAsset: {fileID: 0}
  m_GameObject: {fileID: 7363347002199941660}
  m_LocalRotation: {x: -3.9079453e-17, y: 0.9501152, z: 3.9079453e-17, w: -0.31189933}
  m_LocalPosition: {x: 0.032682613, y: 0.0063508097, z: 0.0013892951}
  m_LocalScale: {x: 1, y: 1, z: 1}
  m_Children: []
  m_Father: {fileID: 3275252957049785491}
  m_RootOrder: 0
  m_LocalEulerAnglesHint: {x: 0, y: 0, z: 0}
--- !u!1 &7591379518670481928
GameObject:
  m_ObjectHideFlags: 0
  m_CorrespondingSourceObject: {fileID: 0}
  m_PrefabInstance: {fileID: 0}
  m_PrefabAsset: {fileID: 0}
  serializedVersion: 6
  m_Component:
  - component: {fileID: 8529964748924385854}
  m_Layer: 0
  m_Name: Pinkie1
  m_TagString: Untagged
  m_Icon: {fileID: 0}
  m_NavMeshLayer: 0
  m_StaticEditorFlags: 0
  m_IsActive: 1
--- !u!4 &8529964748924385854
Transform:
  m_ObjectHideFlags: 0
  m_CorrespondingSourceObject: {fileID: 0}
  m_PrefabInstance: {fileID: 0}
  m_PrefabAsset: {fileID: 0}
  m_GameObject: {fileID: 7591379518670481928}
  m_LocalRotation: {x: 8.500131e-33, y: -0.49560454, z: 1.00346465e-32, w: 0.8685483}
  m_LocalPosition: {x: 0.004541431, y: 8.881784e-18, z: 0.043836277}
  m_LocalScale: {x: 1, y: 1, z: 1}
  m_Children:
  - {fileID: 3805127237698890195}
  m_Father: {fileID: 8838331485736578610}
  m_RootOrder: 2
  m_LocalEulerAnglesHint: {x: 0, y: 0, z: 0}
--- !u!1 &8287218694391101088
GameObject:
  m_ObjectHideFlags: 0
  m_CorrespondingSourceObject: {fileID: 0}
  m_PrefabInstance: {fileID: 0}
  m_PrefabAsset: {fileID: 0}
  serializedVersion: 6
  m_Component:
  - component: {fileID: 5008458229959683556}
  m_Layer: 0
  m_Name: Pinkie4
  m_TagString: Untagged
  m_Icon: {fileID: 0}
  m_NavMeshLayer: 0
  m_StaticEditorFlags: 0
  m_IsActive: 1
--- !u!4 &5008458229959683556
Transform:
  m_ObjectHideFlags: 0
  m_CorrespondingSourceObject: {fileID: 0}
  m_PrefabInstance: {fileID: 0}
  m_PrefabAsset: {fileID: 0}
  m_GameObject: {fileID: 8287218694391101088}
  m_LocalRotation: {x: 1.2448864e-32, y: 0.53931457, z: -2.0804372e-32, w: 0.8421044}
  m_LocalPosition: {x: 0.034190167, y: 0.0073381, z: 0.00000031448448}
  m_LocalScale: {x: 1, y: 1, z: 1}
  m_Children: []
  m_Father: {fileID: 8423298407341371574}
  m_RootOrder: 0
  m_LocalEulerAnglesHint: {x: 0, y: 0, z: 0}
